@article {complex1996lenstra,
    AUTHOR = {Lenstra, Jr., H. W.},
     TITLE = {Complex multiplication structure of elliptic curves},
   JOURNAL = {J. Number Theory},
  FJOURNAL = {Journal of Number Theory},
    VOLUME = {56},
      YEAR = {1996},
    NUMBER = {2},
     PAGES = {227--241},
      ISSN = {0022-314X},
   MRCLASS = {11G20 (14G15 14H25)},
  MRNUMBER = {1373549},
MRREVIEWER = {Joseph H. Silverman},
       DOI = {10.1006/jnth.1996.0015},
       URL = {https://doi.org/10.1006/jnth.1996.0015},
}

@article {kani2011products,
    AUTHOR = {Kani, Ernst},
     TITLE = {Products of {CM} elliptic curves},
   JOURNAL = {Collect. Math.},
  FJOURNAL = {Collectanea Mathematica},
    VOLUME = {62},
      YEAR = {2011},
    NUMBER = {3},
     PAGES = {297--339},
      ISSN = {0010-0757},
   MRCLASS = {11G10 (11G15 14H52 14K02 14K22 14L15)},
  MRNUMBER = {2825715},
MRREVIEWER = {Joseph H. Silverman},
       DOI = {10.1007/s13348-010-0029-1},
       URL = {https://doi.org/10.1007/s13348-010-0029-1},
}

@article {ktheory1964bass,
    AUTHOR = {Bass, H.},
     TITLE = {{$K$}-theory and stable algebra},
   JOURNAL = {Inst. Hautes \'{E}tudes Sci. Publ. Math.},
  FJOURNAL = {Institut des Hautes \'{E}tudes Scientifiques. Publications
              Math\'{e}matiques},
    NUMBER = {22},
      YEAR = {1964},
     PAGES = {5--60},
      ISSN = {0073-8301},
   MRCLASS = {18.20 (16.90)},
  MRNUMBER = {0174604},
MRREVIEWER = {J. F. Adams},
       URL = {http://www.numdam.org/item?id=PMIHES_1964__22__5_0},
}

@phdthesis{kohel1996endomorphism,
  title={Endomorphism rings of elliptic curves over finite fields},
  author={Kohel, David},
  year={1996},
  school={University of California at Berkeley},
  url={http://echidna.maths.usyd.edu.au/~kohel/pub/thesis.pdf},
}